<?xml version="1.0" encoding="UTF-8"?><record xmlns="http://www.loc.gov/MARC21/slim" xmlns:cinclude="http://apache.org/cocoon/include/1.0" xmlns:zs="http://www.loc.gov/zing/srw/">
  <leader>00461nz  a2200133n  4500</leader>
  <controlfield tag="001">no2011050170</controlfield>
  <controlfield tag="003">DLC</controlfield>
  <controlfield tag="005">20110401075114.0</controlfield>
  <controlfield tag="008">110330n| acannaabn          |n aaa     c</controlfield>
  <datafield tag="010" ind1=" " ind2=" ">
    <subfield code="a">no2011050170</subfield>
  </datafield>
  <datafield tag="035" ind1=" " ind2=" ">
    <subfield code="a">(OCoLC)oca08813510</subfield>
  </datafield>
  <datafield tag="040" ind1=" " ind2=" ">
    <subfield code="a">Vi</subfield>
    <subfield code="b">eng</subfield>
    <subfield code="c">Vi</subfield>
  </datafield>
  <datafield tag="100" ind1="1" ind2=" ">
    <subfield code="a">Perron, Frank X.</subfield>
  </datafield>
  <datafield tag="670" ind1=" " ind2=" ">
    <subfield code="a">Connor, S.E. Administration, c1918:</subfield>
    <subfield code="b">t.p. (Lieut. Frank X. Perron, battalion personnel adjutant and paperwork instructor, Central Officers Training School, Camp Lee, Va.)</subfield>
  </datafield>
</record>